%YAML 1.1
%TAG !u! tag:unity3d.com,2011:
--- !u!1 &3208856973398795626
GameObject:
  m_ObjectHideFlags: 0
  m_CorrespondingSourceObject: {fileID: 0}
  m_PrefabInstance: {fileID: 0}
  m_PrefabAsset: {fileID: 0}
  serializedVersion: 6
  m_Component:
  - component: {fileID: 4970936376733671930}
  - component: {fileID: 5013045068727289603}
  - component: {fileID: 2475794451507864751}
  - component: {fileID: 8725220394106428934}
  - component: {fileID: 2152077883204079462}
  m_Layer: 0
  m_Name: Grass
  m_TagString: Untagged
  m_Icon: {fileID: 0}
  m_NavMeshLayer: 0
  m_StaticEditorFlags: 0
  m_IsActive: 1
--- !u!4 &4970936376733671930
Transform:
  m_ObjectHideFlags: 0
  m_CorrespondingSourceObject: {fileID: 0}
  m_PrefabInstance: {fileID: 0}
  m_PrefabAsset: {fileID: 0}
  m_GameObject: {fileID: 3208856973398795626}
  m_LocalRotation: {x: 0, y: 0, z: 0, w: 1}
  m_LocalPosition: {x: -267.5675, y: 1555, z: -521.40906}
  m_LocalScale: {x: 0.5, y: 0.5, z: 0.5}
  m_Children: []
  m_Father: {fileID: 0}
  m_RootOrder: 0
  m_LocalEulerAnglesHint: {x: 0, y: 0, z: 0}
--- !u!114 &5013045068727289603
MonoBehaviour:
  m_ObjectHideFlags: 0
  m_CorrespondingSourceObject: {fileID: 0}
  m_PrefabInstance: {fileID: 0}
  m_PrefabAsset: {fileID: 0}
  m_GameObject: {fileID: 3208856973398795626}
  m_Enabled: 1
  m_EditorHideFlags: 0
  m_Script: {fileID: 11500000, guid: 8233d90336aea43098adf6dbabd606a2, type: 3}
  m_Name: 
  m_EditorClassIdentifier: 
  m_MeshFormatVersion: 1
  m_Faces:
  - m_Indexes: 000000000100000002000000010000000300000002000000
    m_SmoothingGroup: 0
    m_Uv:
      m_UseWorldSpace: 0
      m_FlipU: 0
      m_FlipV: 0
      m_SwapUV: 0
      m_Fill: 1
      m_Scale: {x: 1, y: 1}
      m_Offset: {x: 0, y: 0}
      m_Rotation: 0
      m_Anchor: 9
    m_Material: {fileID: 0}
    m_SubmeshIndex: 0
    m_ManualUV: 0
    elementGroup: -1
    m_TextureGroup: -1
  - m_Indexes: 040000000500000006000000050000000700000006000000
    m_SmoothingGroup: 0
    m_Uv:
      m_UseWorldSpace: 0
      m_FlipU: 0
      m_FlipV: 0
      m_SwapUV: 0
      m_Fill: 1
      m_Scale: {x: 1, y: 1}
      m_Offset: {x: 0, y: 0}
      m_Rotation: 0
      m_Anchor: 9
    m_Material: {fileID: 0}
    m_SubmeshIndex: 0
    m_ManualUV: 0
    elementGroup: -1
    m_TextureGroup: -1
  - m_Indexes: 08000000090000000a000000090000000b0000000a000000
    m_SmoothingGroup: 0
    m_Uv:
      m_UseWorldSpace: 0
      m_FlipU: 0
      m_FlipV: 0
      m_SwapUV: 0
      m_Fill: 1
      m_Scale: {x: 1, y: 1}
      m_Offset: {x: 0, y: 0}
      m_Rotation: 0
      m_Anchor: 9
    m_Material: {fileID: 0}
    m_SubmeshIndex: 0
    m_ManualUV: 0
    elementGroup: -1
    m_TextureGroup: -1
  - m_Indexes: 0c0000000d0000000e0000000d0000000f0000000e000000
    m_SmoothingGroup: 0
    m_Uv:
      m_UseWorldSpace: 0
      m_FlipU: 0
      m_FlipV: 0
      m_SwapUV: 0
      m_Fill: 1
      m_Scale: {x: 1, y: 1}
      m_Offset: {x: 0, y: 0}
      m_Rotation: 0
      m_Anchor: 9
    m_Material: {fileID: 0}
    m_SubmeshIndex: 0
    m_ManualUV: 0
    elementGroup: -1
    m_TextureGroup: -1
  - m_Indexes: 100000001100000012000000110000001300000012000000
    m_SmoothingGroup: 0
    m_Uv:
      m_UseWorldSpace: 0
      m_FlipU: 0
      m_FlipV: 0
      m_SwapUV: 0
      m_Fill: 1
      m_Scale: {x: 1, y: 1}
      m_Offset: {x: 0, y: 0}
      m_Rotation: 0
      m_Anchor: 9
    m_Material: {fileID: 0}
    m_SubmeshIndex: 0
    m_ManualUV: 0
    elementGroup: -1
    m_TextureGroup: -1
  - m_Indexes: 140000001500000016000000150000001700000016000000
    m_SmoothingGroup: 0
    m_Uv:
      m_UseWorldSpace: 0
      m_FlipU: 0
      m_FlipV: 0
      m_SwapUV: 0
      m_Fill: 1
      m_Scale: {x: 1, y: 1}
      m_Offset: {x: 0, y: 0}
      m_Rotation: 0
      m_Anchor: 9
    m_Material: {fileID: 0}
    m_SubmeshIndex: 0
    m_ManualUV: 0
    elementGroup: -1
    m_TextureGroup: -1
  m_SharedVertices:
  - m_Vertices: 000000000d00000016000000
  - m_Vertices: 010000000400000017000000
  - m_Vertices: 020000000f00000010000000
  - m_Vertices: 030000000600000011000000
  - m_Vertices: 050000000800000015000000
  - m_Vertices: 070000000a00000013000000
  - m_Vertices: 090000000c00000014000000
  - m_Vertices: 0b0000000e00000012000000
  m_SharedTextures: []
  m_Positions:
  - {x: 9.018799, y: 0, z: -46.461426}
  - {x: 29.176529, y: 0, z: -61.483154}
  - {x: 9.018799, y: 100, z: -40.143677}
  - {x: 11.579468, y: 100, z: -40.18402}
  - {x: 29.176529, y: 0, z: -61.483154}
  - {x: 17.953674, y: 0, z: -73.630005}
  - {x: 11.579468, y: 100, z: -40.18402}
  - {x: 10.051941, y: 100, z: -41.204956}
  - {x: 17.953674, y: 0, z: -73.630005}
  - {x: 9.018799, y: 0, z: -73.630005}
  - {x: 10.051941, y: 100, z: -41.204956}
  - {x: 9.018799, y: 100.532104, z: -41.204956}
  - {x: 9.018799, y: 0, z: -73.630005}
  - {x: 9.018799, y: 0, z: -46.461426}
  - {x: 9.018799, y: 100.532104, z: -41.204956}
  - {x: 9.018799, y: 100, z: -40.143677}
  - {x: 9.018799, y: 100, z: -40.143677}
  - {x: 11.579468, y: 100, z: -40.18402}
  - {x: 9.018799, y: 100.532104, z: -41.204956}
  - {x: 10.051941, y: 100, z: -41.204956}
  - {x: 9.018799, y: 0, z: -73.630005}
  - {x: 17.953674, y: 0, z: -73.630005}
  - {x: 9.018799, y: 0, z: -46.461426}
  - {x: 29.176529, y: 0, z: -61.483154}
  m_Textures0:
  - {x: -34.994133, y: -1.6121856}
  - {x: -60.133476, y: -1.6121855}
  - {x: -31.219034, y: 98.516045}
  - {x: -33.29639, y: 98.59182}
  - {x: -25.35906, y: -16.676956}
  - {x: -41.896847, y: -16.676956}
  - {x: -21.656742, y: 87.003334}
  - {x: -23.443218, y: 87.11665}
  - {x: 17.953674, y: -22.710522}
  - {x: 9.018799, y: -22.710522}
  - {x: 10.051941, y: 82.41504}
  - {x: 9.018799, y: 82.921196}
  - {x: 73.630005, y: 0}
  - {x: 46.461426, y: 0}
  - {x: 41.204956, y: 100.532104}
  - {x: 40.143677, y: 100}
  - {x: 8.2286, y: -80.73544}
  - {x: 10.789188, y: -80.78058}
  - {x: 8.224397, y: -81.92264}
  - {x: 9.261709, y: -81.68782}
  - {x: -9.018799, y: -73.630005}
  - {x: -17.953674, y: -73.630005}
  - {x: -9.018799, y: -46.461426}
  - {x: -29.176529, y: -61.483154}
  m_Textures2: []
  m_Textures3: []
  m_Tangents:
  - {x: -0.80184007, y: 0.000000004735869, z: 0.5975387, w: -1}
  - {x: -0.9449787, y: 0.0122932615, z: 0.32690087, w: -1}
  - {x: -0.9449787, y: 0.0122932615, z: 0.32690087, w: -1}
  - {x: -0.9993287, y: 0.029359292, z: 0.021916652, w: -1}
  - {x: 0.6786188, y: -0.000000015739808, z: 0.7344907, w: -1}
  - {x: 0.75382346, y: 0.029596362, z: 0.65641016, w: -1}
  - {x: 0.75382346, y: 0.029596362, z: 0.65641016, w: -1}
  - {x: 0.81955296, y: 0.058908958, z: 0.5699673, w: -1}
  - {x: 1, y: 0, z: 0, w: -1}
  - {x: 0.9969284, y: -0.024162523, z: 0.07449877, w: -1}
  - {x: 0.9969284, y: -0.024162523, z: 0.07449877, w: -1}
  - {x: 0.9877322, y: -0.048175868, z: 0.14854023, w: -1}
  - {x: 0, y: 0, z: -1, w: -1}
  - {x: 0, y: 0, z: -1, w: -1}
  - {x: 0, y: 0, z: -1, w: -1}
  - {x: 0, y: 0, z: -1, w: -1}
  - {x: 0.99996877, y: -0.007899984, z: 0.0000016116022, w: -1}
  - {x: 0.9502775, y: -0.23904808, z: -0.19957113, w: -1}
  - {x: 0.9502775, y: -0.23904808, z: -0.19957113, w: -1}
  - {x: 0.73171633, y: -0.6104773, z: -0.30316433, w: -1}
  - {x: -1, y: 0, z: 0, w: -1}
  - {x: -1, y: 0, z: 0, w: -1}
  - {x: -1, y: 0, z: 0, w: -1}
  - {x: -1, y: 0, z: 0, w: -1}
  m_Colors: []
  m_UnwrapParameters:
    m_HardAngle: 88
    m_PackMargin: 20
    m_AngleError: 8
    m_AreaError: 15
  m_PreserveMeshAssetOnDestroy: 0
  assetGuid: 
  m_Mesh: {fileID: 0}
  m_IsSelectable: 1
  m_SelectedFaces: 
  m_SelectedEdges: []
  m_SelectedVertices: 
--- !u!23 &2475794451507864751
MeshRenderer:
  m_ObjectHideFlags: 0
  m_CorrespondingSourceObject: {fileID: 0}
  m_PrefabInstance: {fileID: 0}
  m_PrefabAsset: {fileID: 0}
  m_GameObject: {fileID: 3208856973398795626}
  m_Enabled: 1
  m_CastShadows: 1
  m_ReceiveShadows: 1
  m_DynamicOccludee: 1
  m_MotionVectors: 1
  m_LightProbeUsage: 1
  m_ReflectionProbeUsage: 1
  m_RayTracingMode: 2
  m_RayTraceProcedural: 0
  m_RenderingLayerMask: 1
  m_RendererPriority: 0
  m_Materials:
  - {fileID: 2100000, guid: c29ff4557c927b14b97e4e2df24ede40, type: 2}
  m_StaticBatchInfo:
    firstSubMesh: 0
    subMeshCount: 0
  m_StaticBatchRoot: {fileID: 0}
  m_ProbeAnchor: {fileID: 0}
  m_LightProbeVolumeOverride: {fileID: 0}
  m_ScaleInLightmap: 1
  m_ReceiveGI: 1
  m_PreserveUVs: 0
  m_IgnoreNormalsForChartDetection: 0
  m_ImportantGI: 0
  m_StitchLightmapSeams: 1
  m_SelectedEditorRenderState: 2
  m_MinimumChartSize: 4
  m_AutoUVMaxDistance: 0.5
  m_AutoUVMaxAngle: 89
  m_LightmapParameters: {fileID: 0}
  m_SortingLayerID: 0
  m_SortingLayer: 0
  m_SortingOrder: 0
  m_AdditionalVertexStreams: {fileID: 0}
--- !u!33 &8725220394106428934
MeshFilter:
  m_ObjectHideFlags: 0
  m_CorrespondingSourceObject: {fileID: 0}
  m_PrefabInstance: {fileID: 0}
  m_PrefabAsset: {fileID: 0}
  m_GameObject: {fileID: 3208856973398795626}
  m_Mesh: {fileID: 0}
--- !u!64 &2152077883204079462
MeshCollider:
  m_ObjectHideFlags: 0
  m_CorrespondingSourceObject: {fileID: 0}
  m_PrefabInstance: {fileID: 0}
  m_PrefabAsset: {fileID: 0}
  m_GameObject: {fileID: 3208856973398795626}
  m_Material: {fileID: 0}
  m_IsTrigger: 0
  m_Enabled: 1
  serializedVersion: 4
  m_Convex: 0
  m_CookingOptions: 30
  m_Mesh: {fileID: 0}
